%
% This is file `coppe.bib'.
%
% Bibliographic references for the documentation.
%
% Copyright (C) 2011 CoppeTeX Project and any individual authors listed
% elsewhere in this file.
%
% This program is free software; you can redistribute it and/or modify
% it under the terms of the GNU General Public License version 3 as
% published by the Free Software Foundation.
%
% This program is distributed in the hope that it will be useful,
% but WITHOUT ANY WARRANTY; without even the implied warranty of
% MERCHANTABILITY or FITNESS FOR A PARTICULAR PURPOSE. See the
% GNU General Public License version 3 for more details.
%
% You should have received a copy of the GNU General Public License
% version 3 along with this package (see COPYING file).
% If not, see <http://www.gnu.org/licenses/>.
%
% $URL: https://coppetex.svn.sourceforge.net/svnroot/coppetex/trunk/coppe.bib $
% $Id: coppe.bib 118 2008-10-18 14:17:06Z helano $
%
% Author(s): Vicente H. F. Batista
%            George O. Ainsworth Jr.
%

@misc{
    social19,
    title = {Digital in 2019: Global Overview},
    author = {We Are Social},
    howpublished = {\url{https://wearesocial.com/global-digital-report-2019}},
    note = {acessado em 3 de Junho de 2019},
}

@article{
    turing50,
    title={Computing machinery and intelligence},
    author={Turing, Alan M},
    journal={Mind},
    volume={59},
    number={236},
    pages={433--460},
    year={1950},
    publisher={JSTOR}
}

@book{
    liu15,
    title={Opinions, Sentiment, and Emotion in Text},
    author={Liu, B.},
    isbn={9781107017894},
    lccn={2014036113},
    series={Sentiment Analysis: Mining Opinions, Sentiments, and Emotions},
    url={https://books.google.com.br/books?id=6IdsCQAAQBAJ},
    year={2015},
    publisher={Cambridge University Press}
}

@article{
    cambria16,
    title={Affective computing and sentiment analysis},
    author={Cambria, Erik},
    journal={IEEE Intelligent Systems},
    volume={31},
    number={2},
    pages={102--107},
    year={2016},
    publisher={IEEE}
}

@article{
    taboada11,
    title={Lexicon-based methods for sentiment analysis},
    author={Taboada, Maite and Brooke, Julian and Tofiloski, Milan and Voll, Kimberly and Stede, Manfred},
    journal={Computational linguistics},
    volume={37},
    number={2},
    pages={267--307},
    year={2011},
    publisher={MIT Press}
}

@article{
    das07,
    title={Yahoo! for Amazon: Sentiment extraction from small talk on the web},
    author={Das, Sanjiv R and Chen, Mike Y},
    journal={Management science},
    volume={53},
    number={9},
    pages={1375--1388},
    year={2007},
    publisher={INFORMS}
}

@inproceedings{
    riloff05,
    title={Exploiting subjectivity classification to improve information extraction},
    author={Riloff, Ellen and Wiebe, Janyce and Phillips, William},
    booktitle={AAAI},
    pages={1106--1111},
    year={2005}
}

@inproceedings{
    socher11,
    title={Semi-supervised recursive autoencoders for predicting sentiment distributions},
    author={Socher, Richard and Pennington, Jeffrey and Huang, Eric H and Ng, Andrew Y and Manning, Christopher D},
    booktitle={Proceedings of the conference on empirical methods in natural language processing},
    pages={151--161},
    year={2011},
    organization={Association for Computational Linguistics}
}

@inproceedings{
    socher13,
    title={Recursive deep models for semantic compositionality over a sentiment treebank},
    author={Socher, Richard and Perelygin, Alex and Wu, Jean and Chuang, Jason and Manning, Christopher D and Ng, Andrew and Potts, Christopher},
    booktitle={Proceedings of the 2013 conference on empirical methods in natural language processing},
    pages={1631--1642},
    year={2013}
}

@inproceedings{
    nasukawa03,
    title={Sentiment analysis: Capturing favorability using natural language processing},
    author={Nasukawa, Tetsuya and Yi, Jeonghee},
    booktitle={Proceedings of the 2nd international conference on Knowledge capture},
    pages={70--77},
    year={2003},
    organization={ACM}
}

@inproceedings{
    snyder07,
    title={Multiple aspect ranking using the good grief algorithm},
    author={Snyder, Benjamin and Barzilay, Regina},
    booktitle={Human Language Technologies 2007: The Conference of the North American Chapter of the Association for Computational Linguistics; Proceedings of the Main Conference},
    pages={300--307},
    year={2007}
}


% ========================================================

@BOOK{book-example,
   author = "R. Abraham and J. E. Marsden and T. Ratiu",
   title = "Manifolds, Tensor Analysis, and Applications",
   edition = "2",
   address = "New York",
   publisher = "Springer-Verlag",
   year = "1988",
}

@ARTICLE{article-example,
   author = "D. Iesan",
   title = {Existence Theorems in the Theory of Mixtures},
   journal = {Journal of Elasticity},
   volume = {42},
   number = {2},
   pages = {145--163},
   month = feb,
   year = 1996,
}

@TECHREPORT{techreport-exampleIn,
  author = "D. A. Garret",
  title = "The Microscopic Detection of Corrosion in Aluminum Aircraft Structures with Thermal Neutron Beams and Film Imaging Methods",
  type = "In: Report",
  number = "NBSIR 78-1434",
  institution = "National Bureau of Standards",
  address = "Washington, D.C.",
  year = "1977",
}

@TECHREPORT{techreport-example,
   author = "L. Maestrello",
   title = "Two-Point Correlations of Sound Pressure in the Far Field of a Jet: Experiment",
   type = "{NASA}",
   number = "{TM}~{X}-72835",
   year = 1976,
}

@INPROCEEDINGS{inproceedings-example,
   author = "M. E. Gurtin",
   title = "On the nonlinear theory of elasticity",
   booktitle = "Proceedings of the International Symposium on Continuum Mechanics and Partial Differential Equations: Contemporary Developments in Continuum Mechanics and Partial Differential Equations",
   pages = "237-253",
   address = "Rio de Janeiro",
   month = aug,
   year = 1977,
}


@INCOLLECTION{incollection-example,
   author = "S. C. Cowin",
   title = "Adaptive Anisotropy: An Example in Living Bone",
   booktitle = "Non-Classical Continuum Mechanics",
   series = "London Mathematical Society Lecture Note Series",
   volume = "122",
   publisher = "Cambridge University Press",
   pages = "174--186",
   year = 1987,
}

@INBOOK{inbook-example,
   author = "D. K. Edwards",
   title = "Thermal Radiation Measurements",
   address = "New York, USA",
   booktitle = "Measurements in Heat Transfer",
   publisher = "Hemisphere Publishing Corporation",
   editor = "E. R. G. Eckert and R. J. Goldstein",
   edition = 2,
   year = "1976",
   chapter = "10",
}

@MASTERSTHESIS{mastersthesis-example,
   author = "A. Tuntomo",
   title = "Transport Phenomena in a Small Particle with Internal Radiant Absorption",
   school = "University of California at Berkeley",
   type = "{Ph.D.} dissertation",
   address = "Berkeley, California, USA",
   year = 1990,
}

@PHDTHESIS{phdthesis-example,
   author = "Paes~Junior, H. R.",
   title = "Influ{\^e}ncia da Espessura da Camada Intr{\'i}nseca e Energia do Foton na Degrada{\c c}\~ao de C{\'e}lulas Solares de Sil{\'i}cio Amorfo Hidrogenado",
   school = "COPPE/UFRJ",
   address = "Rio de Janeiro, RJ, Brasil",
   type = "Tese de {D.Sc.}",
   year = 1994,
}
